@article{mok2023,
  author  = {Mok, Aaron},
  title   = {Explainable Automated Essay Scoring: Deep Learning Really Has Pedagogical Value},
  journal = {Frontiers in Education},
  year    = {2023},
  url     = {https://doi.org/10.3389/feduc.2023.1193667},
  doi     = {10.3389/feduc.2023.1193667}
}

@techreport{settles2010,
  author      = {Settles, Burr},
  title       = {Active Learning Literature Survey},
  institution = {University of Wisconsin-Madison},
  year        = {2010},
  number      = {1648},
  url         = {https://burrsettles.com/pub/settles.activelearning.pdf}
}

@inproceedings{firoozi2023,
  author    = {Firoozi, Saman and Lan, Andrew S. and Chi, Min},
  title     = {Using Active Learning Methods to Strategically Select Essays for Automated Scoring},
  booktitle = {The 16th International Conference on Educational Data Mining (EDM 2023)},
  year      = {2023}
}

@mastersthesis{bengtsson2024,
  author = {Bengtsson, David and Kaliff, Anton},
  title  = {Assessment Accuracy of a Large Language Model on Programming Assignments},
  school = {KTH Royal Institute of Technology},
  year   = {2024},
  url    = {https://www.diva-portal.org/smash/record.jsf?pid=diva2%3A1800935}
}

@article{impey2024,
  author  = {Impey, Chris and Wenger, Matthew and Garuda, Neeti and Golchin, Sina and Stamer, Sofia},
  title   = {Using Large Language Models for Automated Grading of Student Writing about Science},
  journal = {arXiv},
  year    = {2024},
  url     = {https://arxiv.org/abs/2412.18719},
  eprint  = {2412.18719}
}

@article{polikar2025,
  author  = {Poličar, Pavlin Gregor and Špendl, Mateo and Curk, Tomaž and Zupan, Blaž},
  title   = {Automated Assignment Grading with Large Language Models: Insights from a Bioinformatics Course},
  journal = {arXiv},
  year    = {2025},
  url     = {https://arxiv.org/abs/2501.14499},
  eprint  = {2501.14499}
}

@article{shute2008focus,
  title     = {Focus on formative feedback},
  author    = {Shute, Valerie J},
  journal   = {Review of educational research},
  volume    = {78},
  number    = {1},
  pages     = {153--189},
  year      = {2008},
  publisher = {Sage Publications Sage CA: Los Angeles, CA}
}